@article{mcbride2008applicative,
  title={Applicative programming with effects},
  author={McBride, Conor and Paterson, Ross},
  journal={Journal of functional programming},
  volume={18},
  number={1},
  pages={1--13},
  year={2008},
  publisher={Cambridge University Press}
}

